%% Created using Papers on Wed, 04 Jun 2014.
%% http://papersapp.com/papers/

@techreport{Johnston:2010gl,
author = {Johnston, Robyn M and Lacombe, Guillaume and Hoanh, Chu Thai and Noble, Andrew D and Pavelic, Paul and Smakhtin, Vladimir and Suhardiman, Diana and Kam, S P and Choo, P S},
title = {{Climate Change, Water and Agriculture in the Greater Mekong Subregion}},
year = {2010},
number = {136}
}

@article{Vastila:2010bz,
author = {V{\"a}stil{\"a}, K and Kummu, M and Sangmanee, C and Chinvanno, S},
title = {{Modelling climate change impacts on the flood pulse in the Lower Mekong floodplains}},
journal = {Journal of Water and Climate Change},
year = {2010},
volume = {1},
number = {1},
pages = {67--86}
}

@article{Grumbine:2012gb,
author = {Grumbine, R Edward and Dore, John and Xu, Jianchu},
title = {{Mekong hydropower: drivers of change and governance challenges}},
journal = {Frontiers in Ecology and the Environment},
year = {2012},
volume = {10},
number = {2},
pages = {91--98}
}

@article{Pittock:2010tu,
author = {Pittock, Jamie},
title = {{Better Management of Hydropower in an Era of Climate Change}},
journal = {Water Alternatives},
year = {2010},
volume = {3},
number = {2},
pages = {444--452}
}

@article{Duflo:2007uz,
author = {Duflo, Esther and Pande, Rohini},
title = {{Dams}},
journal = {The Quarterly Journal of Economics},
year = {2007},
volume = {122},
number = {2},
pages = {601--646},
annote = {
* 2 production functions based on Evenson and McKinsey (1999) dependent on irrigation access
* Table 1 descriptive statistics for only 371 or 374 districts - Section E are district averages?
* }
}

@article{Hansen:2009vn,
author = {Hansen, Zeynep K and Libecap, Gary D and Lowe, Scott E},
title = {{Climate Variability and Water Infrastructure: Historical Experience in the Western United States}},
journal = {NBER Working Paper Series},
year = {2009},
pages = {1--35}
}

@article{Strobl:2011df,
author = {Strobl, Eric and Strobl, Robert O},
title = {{The Distributonal Impact of Large Dams: Evidence from Cropland Productivity in Africa}},
journal = {Journal of Development Economics},
year = {2011},
volume = {96},
number = {2},
pages = {432--450}
}

@article{Kingston:2011kz,
author = {Kingston, D G and Thompson, J R and Kite, G},
title = {{Uncertainty in climate change projections of discharge for the Mekong River Basin}},
journal = {Hydrology and Earth System Sciences},
year = {2011},
volume = {15},
number = {5},
pages = {1459--1471}
}

@article{Arias:2012fa,
author = {Arias, Mauricio E and Cochrane, Thomas A and Piman, Thanapon and Kummu, Matti and Caruso, Brian S and Killeen, Timothy J},
title = {{Quantifying Changes in Flooding and Habitats in the Tonle Sap Lake (Cambodia) Caused by Water Infrastructure Development and Climate Change in the Mekong Basin
}},
journal = {Journal of Environmental Management},
year = {2012},
volume = {112},
pages = {53--66}
}

@article{Pittock:2011fv,
author = {Pittock, Jamie and Hartmann, Joerg},
title = {{Taking a Second Look: Climate Change, Periodic Relicensing and Improved Management of Dams}},
journal = {Marine and Freshwater Research},
year = {2011},
volume = {62},
number = {3},
pages = {312--320}
}

@article{Vicuna:2008,
author = {Vicuna, S. },
title = {{Climate change impacts on high elevation hydropower generation in Californiaâ€™s Sierra Nevada: a case study in the Upper American River}},
journal = {Climate Change},
year = {2008},
volume = {87},
number = {Suppl 1},
pages = {S123--S137}
}
