% This file was created with JabRef 2.8.1.
% Encoding: ISO8859_1

@PHDTHESIS{Bao2013,
  author = {Xiaojia Bao},
  title = {Dams and Intergovernmental Transfer: Are Dam Projects Pareto Improving
	in China?},
  school = {Columbia University},
  year = {2013},
  owner = {serene},
  quality = {1},
  timestamp = {2013.12.16}
}

@ARTICLE{Chakravarty2011,
  author = {Abhishek Chakravarty},
  title = {Dams and Infant Mortality in Africa},
  year = {2011},
  owner = {serene},
  quality = {1},
  timestamp = {2013.12.16}
}

@ARTICLE{Duflo:2007uz,
  author = {Duflo, Esther and Pande, Rohini},
  title = {Dams},
  journal = {The Quarterly Journal of Economics},
  year = {2007},
  volume = {122},
  pages = {601--646},
  number = {2}
}

@ARTICLE{Hansen:2009vn,
  author = {Hansen, Zeynep K and Libecap, Gary D and Lowe, Scott E},
  title = {Climate Variability and Water Infrastructure: Historical Experience
	in the Western United States},
  journal = {NBER Working Paper Series},
  year = {2009},
  pages = {1--35},
  annote = {SY: state-level data set, we examine the importance of political
	influence in dam construction.\\ }
}

@INCOLLECTION{Hirsch2012,
  author = {Hirsch, Philip},
  title = {River Hardware and Software: Perspectives on National Interest and
	Water Governance in the Mekong River Basin},
  booktitle = {Perspectives on Environmental Management and Technology in Asian
	River Basins},
  publisher = {Springer},
  year = {2012},
  editor = {Higgitt, David},
  pages = {31--43}, 
  city = {Heidelberg},   
  owner = {xadx},
  timestamp = {2014.05.16}
}



@article{Hoa2007ECSS,
	author = {Hoa, Le Thi Viet and Nhan, Nguyen Huu, and Wolanski, Eric and Cong, Tran Thanh and Haryuama Shigeko},
	title = {The combined impact on the flooding in Vietnamâ€™s MekongRiver delta of local man-made structures, sea level rise,and dams upstream in the river catchment},
	journal = {Estuarine Coastal and Shelf Science},
	volume = {71},
	number = {1--2},
	pages = {110--116},
	owner = {aldx}

}



@INCOLLECTION{Kakonen:2009nx,
  author = {Kakonen, Mira and Hirsch, Philip },
  title = {The Anti-Politics of Mekong Knowledge Production},
  booktitle = {Contested Waterscapes in the Mekong Region: Hydropower, Livelihoods
	and Governance},
  publisher = {Earthscan },
  year = {2009},
  editor = {Molle, Francois and Foran, Tira and Kakonen, Mira},
  address = {London, UK},
  annote = {ALD: ``The backbone for all the assessments of the MRC consists of
	the Decision Support Framework (DSF) that has been developed over
	several years and is still being further improved. The DSF forms
	the foundation for the development scenario assessments of the MRC
	Basin Development Plan (BDP) and of the MRC's Water Utilization Programme
	(WUP), which are supposed to help implement key elements of the 1995
	Mekong Agreement and inform and shape negotiations that address water-sharing
	issues between the member states.'' (pg. 5) \\ Opacity of process
	and supression of documents. The 2004 World Bank report, ``Modelled
	Observations on Development Scenarios in the Lower Mekong Basin''
	was removed from the MRC/WB websites with no explanation for the
	inaccessibility. \\ Concern about knowledge generation processes
	and reliance on strictly physical models that do not feature impacts
	and uncertainty surrounding them. },
  date-added = {2014-05-06 14:56:57 +0000},
  date-modified = {2014-05-06 15:28:03 +0000}
}


@article{Kuenzer2012SS,
  author = {Kuenzer, Claudia and Campbell, Ian and Roch, Marthe and Leinenkugel, Patrick and Tuan, Vo Quoc and Stefan Dech},
  title = {Understanding the Impact of Hydropower Developments in the Context of Upstream-Downstream Relations in the Mekong River Basin},
  journal = {Sustainability Science},
  year = {2012},
  volume = {8},
  number = {4},
  pages = {565--584},
  owner = {ald}
}



@article{Lauri2012HESSD,
  author = {Lauri, H. and de Moel, H. and Ward, P.J. and Tasanen, T.A. and Keskinen, M. and M. Kummu},
  title = {Future Changes in Mekong River Hydrology: Impact of Climate Change and Reservoir Operation on Discharge},
  journal = {Hydrology and Earth System Sciences Discussions},
  year = {2012},
  pages = {6569--6614},
  volume = {9},
  owner = {ald}
}


@article{Lebel2005,
  author = {Lebel, Louis and Garden, Po and Masao Imamura},	
  title = {The Politics of Scale, Position, and Place in the Governance ofWater Resources in the Mekong Region},
  journal = {Ecology and Society},
  volume = {10},
  number = {2},
  year = {2005},
  pages = {18},
  owner = {ald}
}

@ARTICLE{Olmstead2010,
  author = {Sheila M. Olmstead},
  title = {The Economics of Managing Scarce Water Resources},
  journal = {Review of Environmental Economics and Policy},
  year = {2010},
  volume = {4},
  pages = {179-198},
  number = {2},
  owner = {serene},
  quality = {1},
  timestamp = {2013.12.16}
}

@ARTICLE{Strobl:2011df,
  author = {Strobl, Eric and Strobl, Robert O},
  title = {The Distributonal Impact of Large Dams: Evidence from Cropland Productivity
	in Africa},
  journal = {Journal of Development Economics},
  year = {2011},
  volume = {96},
  pages = {432--450},
  number = {2}
}

@misc{WorldBank2014,
author = {{World Bank}},
title = {World Development Indicators},
month = June,
year = {2014},
url = {http://data.worldbank.org/country/vietnam},
accessed = {May 15, 2014},
author = {Semee}
}


@article{Yu2003EP,
	author = {Xiaojiang Yu},
	title = {Regional Cooperation and Energy Development in the GreaterMekong Sub-region},
	journal = {Energy Policy},
	volume = {31},
	year = {2003},
	pages = {1221--1234},
	number = {12},
	owner = {ald},
	annote={AD: power trade among GMS countries would help satisfy growing electricity demand levels; some important details sourced from Europa Publications; VN signed agreement with Laos to import 2000MW of hydropower by 2010 (has this come through?); Table 4 provides rundown of sector reforms and agencies for each of the GMS countries; extols the virtues of power trade and promotion of regional stability which should attract foreign investment into the sector;   

}
}


@article{ZivPNAS2012,
   author = {Ziv, Guy and Baran, Eric and Nam, So and Rodriguez-Iturbe, Ignacio and Levin, Simon A.},
   title = {Trading-Off Fish Biodiversity, Food Security, and Hydropower in the Mekong River Basin},
   journal = {Proceedings of the National Academy of Sciences}, 
   year = {2012},
   volume = {109},
   pages = {5609--5614},
   number = {15},
   owner = {ad}
}

