

@ARTICLE{,
  author = {Giorgio Gualbertia and Luis Filipe Martins and Morgan Bazilianc},
  title = {An econometric analysis of the effectiveness of development finance
	for the energy sector},
  journal = {Energy for Sustainable Development},
  year = {2013},
  owner = {serene},
  quality = {1},
  timestamp = {2014.01.07}
}

